<record><leader>00000cas a2200000 a 4500</leader><controlfield tag="001">5759511</controlfield><controlfield tag="008">791204c19uu9999fluwr ne      0   a0eng c</controlfield><datafield ind1=" " ind2=" " tag="010"><subfield code="a">sn 79007741 </subfield></datafield><datafield ind1=" " ind2=" " tag="040"><subfield code="a">NSD</subfield><subfield code="b">eng</subfield><subfield code="c">NSD</subfield><subfield code="d">FUG</subfield><subfield code="d">OCLCQ</subfield><subfield code="d">OCLCF</subfield><subfield code="d">OCLCO</subfield></datafield><datafield ind1=" " ind2=" " tag="012"><subfield code="k">1</subfield><subfield code="m">c</subfield></datafield><datafield ind1="1" ind2=" " tag="022"><subfield code="a">0199-2945</subfield><subfield code="l">0199-2945</subfield><subfield code="2">1</subfield></datafield><datafield ind1="1" ind2=" " tag="029"><subfield code="a">AU@</subfield><subfield code="b">000025820102</subfield></datafield><datafield ind1=" " ind2=" " tag="032"><subfield code="a">508730</subfield><subfield code="b">USPS</subfield></datafield><datafield ind1=" " ind2=" " tag="037"><subfield code="b">17274 San Carlos Blvd., Fort Myers Beach, FL 33931</subfield></datafield><datafield ind1=" " ind2=" " tag="042"><subfield code="a">nsdp</subfield><subfield code="a">pcc</subfield></datafield><datafield ind1=" " ind2=" " tag="043"><subfield code="a">n-us-fl</subfield></datafield><datafield ind1=" " ind2="0" tag="222"><subfield code="a">Fort Myers Beach observer</subfield></datafield><datafield ind1="0" ind2="0" tag="245"><subfield code="a">Fort Myers Beach observer.</subfield></datafield><datafield ind1="1" ind2="3" tag="246"><subfield code="a">Observer</subfield></datafield><datafield ind1=" " ind2=" " tag="260"><subfield code="a">Fort Myers Beach, Fla. :</subfield><subfield code="b">Gulf Coast Weeklies</subfield></datafield><datafield ind1=" " ind2=" " tag="300"><subfield code="a">v. :</subfield><subfield code="b">ill. (some col.) ;</subfield><subfield code="c">44 cm.</subfield></datafield><datafield ind1=" " ind2=" " tag="310"><subfield code="a">Weekly</subfield></datafield><datafield ind1=" " ind2=" " tag="500"><subfield code="a">"Your community newspaper."</subfield></datafield><datafield ind1=" " ind2=" " tag="580"><subfield code="a">Other eds.: North Fort Myers observer; South Fort Myers observer.</subfield></datafield><datafield ind1=" " ind2=" " tag="588"><subfield code="a">Description based on: Vol. 12, no. 17 (Apr. 23, 1997).</subfield></datafield><datafield ind1=" " ind2="0" tag="651"><subfield code="a">Fort Myers Beach (Fla.)</subfield><subfield code="v">Newspapers.</subfield></datafield><datafield ind1=" " ind2="0" tag="651"><subfield code="a">Lee County (Fla.)</subfield><subfield code="v">Newspapers.</subfield></datafield><datafield ind1=" " ind2="7" tag="655"><subfield code="a">Newspapers.</subfield><subfield code="2">fast</subfield><subfield code="0">(OCoLC)fst01423814</subfield></datafield><datafield ind1=" " ind2="7" tag="651"><subfield code="a">Florida</subfield><subfield code="z">Fort Myers Beach.</subfield><subfield code="2">fast</subfield><subfield code="0">(OCoLC)fst01209105</subfield></datafield><datafield ind1=" " ind2="7" tag="651"><subfield code="a">Florida</subfield><subfield code="z">Lee County.</subfield><subfield code="2">fast</subfield><subfield code="0">(OCoLC)fst01202773</subfield></datafield><datafield ind1=" " ind2=" " tag="752"><subfield code="a">United States</subfield><subfield code="b">Florida</subfield><subfield code="c">Lee</subfield><subfield code="d">Fort Myers Beach.</subfield></datafield><datafield ind1="1" ind2=" " tag="775"><subfield code="t">North Fort Myers observer</subfield><subfield code="w">(DLC)sn 97027770</subfield><subfield code="w">(OCoLC)36861281</subfield></datafield><datafield ind1="1" ind2=" " tag="775"><subfield code="t">South Fort Myers observer</subfield></datafield></record>